@inproceedings{Pey17,
  author    = {Simon {Peyton Jones}},
  title     = {How to Write a Great Research Paper},
  booktitle = {2017 Imperial College Computing Student Workshop, {ICCSW} 2017, September
               26-27, 2017, London, {UK}},
  pages     = {1:1--1:1},
  year      = {2017},    
  
}

@book{Wil09,
  title={Style: the basics of clarity and grace},
  author={Williams, Joseph M and Bizup, Joseph},
  year={2009},
  publisher={Pearson Longman}
}

@book{Pin15,
  title={The sense of style: The thinking person's guide to writing in the 21st century},
  author={Pinker, Steven},
  year={2015},
  publisher={Penguin Books}
}

@book{StrWhi07,
  title={The Elements of style},
  author={Strunk, William and Whyte, EB},
  year={2007},
  publisher={Penguin}
}

@book{Von80,
  title={How to write with style},
  author={Vonnegut, Kurt},
  year={1980},
  publisher={International Paper Company}
}

@incollection{Orw68,
  title={Politics and the {English} language},
  author={Orwell, George},
  booktitle={The collected essays, journalism and letters of George Orwell},
  pages={127--140},
  year={1968},
  publisher={Harcourt, Brace, Javanovich}
}

% my references
@article{DBLP:journals/pami/OpreaMGCORA22,
  author    = {Sergiu Oprea and
               Pablo Martinez{-}Gonzalez and
               Alberto Garcia{-}Garcia and
               John Alejandro Castro{-}Vargas and
               Sergio Orts{-}Escolano and
               Jos{\'{e}} Garc{\'{\i}}a Rodr{\'{\i}}guez and
               Antonis A. Argyros},
  title     = {A Review on Deep Learning Techniques for Video Prediction},
  journal   = {{IEEE} Trans. Pattern Anal. Mach. Intell.},
  volume    = {44},
  number    = {6},
  pages     = {2806--2826},
  year      = {2022},
  url       = {https://doi.org/10.1109/TPAMI.2020.3045007},
  doi       = {10.1109/TPAMI.2020.3045007},
  timestamp = {Tue, 16 Aug 2022 23:05:08 +0200},
  biburl    = {https://dblp.org/rec/journals/pami/OpreaMGCORA22.bib},
  bibsource = {dblp computer science bibliography, https://dblp.org}
}

@article{DBLP:journals/corr/abs-2204-04153,
  author    = {Adam W. Harley and
               Zhaoyuan Fang and
               Katerina Fragkiadaki},
  title     = {Particle Videos Revisited: Tracking Through Occlusions Using Point
               Trajectories},
  journal   = {CoRR},
  volume    = {abs/2204.04153},
  year      = {2022},
  url       = {https://doi.org/10.48550/arXiv.2204.04153},
  doi       = {10.48550/arXiv.2204.04153},
  eprinttype = {arXiv},
  eprint    = {2204.04153},
  timestamp = {Wed, 13 Apr 2022 14:34:17 +0200},
  biburl    = {https://dblp.org/rec/journals/corr/abs-2204-04153.bib},
  bibsource = {dblp computer science bibliography, https://dblp.org}
}

@article{DBLP:journals/corr/KalchbrennerOSD16,
  author    = {Nal Kalchbrenner and
               A{\"{a}}ron van den Oord and
               Karen Simonyan and
               Ivo Danihelka and
               Oriol Vinyals and
               Alex Graves and
               Koray Kavukcuoglu},
  title     = {Video Pixel Networks},
  journal   = {CoRR},
  volume    = {abs/1610.00527},
  year      = {2016},
  url       = {http://arxiv.org/abs/1610.00527},
  eprinttype = {arXiv},
  eprint    = {1610.00527},
  timestamp = {Mon, 13 Aug 2018 16:48:11 +0200},
  biburl    = {https://dblp.org/rec/journals/corr/KalchbrennerOSD16.bib},
  bibsource = {dblp computer science bibliography, https://dblp.org}
}

 @article{DBLP:journals/corr/SrivastavaMS15,
  author    = {Nitish Srivastava and
               Elman Mansimov and
               Ruslan Salakhutdinov},
  title     = {Unsupervised Learning of Video Representations using LSTMs},
  journal   = {CoRR},
  volume    = {abs/1502.04681},
  year      = {2015},
  url       = {http://arxiv.org/abs/1502.04681},
  eprinttype = {arXiv},
  eprint    = {1502.04681},
  timestamp = {Mon, 13 Aug 2018 16:47:05 +0200},
  biburl    = {https://dblp.org/rec/journals/corr/SrivastavaMS15.bib},
  bibsource = {dblp computer science bibliography, https://dblp.org}
}

@article{DBLP:journals/corr/RanzatoSBMCC14,
  author    = {Marc'Aurelio Ranzato and
               Arthur Szlam and
               Joan Bruna and
               Micha{\"{e}}l Mathieu and
               Ronan Collobert and
               Sumit Chopra},
  title     = {Video (language) modeling: a baseline for generative models of natural
               videos},
  journal   = {CoRR},
  volume    = {abs/1412.6604},
  year      = {2014},
  url       = {http://arxiv.org/abs/1412.6604},
  eprinttype = {arXiv},
  eprint    = {1412.6604},
  timestamp = {Mon, 13 Aug 2018 16:46:38 +0200},
  biburl    = {https://dblp.org/rec/journals/corr/RanzatoSBMCC14.bib},
  bibsource = {dblp computer science bibliography, https://dblp.org}
}

@inproceedings{DBLP:conf/cvpr/FouheyZ14,
  author    = {David F. Fouhey and
               C. Lawrence Zitnick},
  title     = {Predicting Object Dynamics in Scenes},
  booktitle = {2014 {IEEE} Conference on Computer Vision and Pattern Recognition,
               {CVPR} 2014, Columbus, OH, USA, June 23-28, 2014},
  pages     = {2027--2034},
  publisher = {{IEEE} Computer Society},
  year      = {2014},
  url       = {https://doi.org/10.1109/CVPR.2014.260},
  doi       = {10.1109/CVPR.2014.260},
  timestamp = {Wed, 16 Oct 2019 14:14:50 +0200},
  biburl    = {https://dblp.org/rec/conf/cvpr/FouheyZ14.bib},
  bibsource = {dblp computer science bibliography, https://dblp.org}
}

% stochastic models
@article{DBLP:journals/corr/abs-1802-07687,
  author    = {Emily Denton and
               Rob Fergus},
  title     = {Stochastic Video Generation with a Learned Prior},
  journal   = {CoRR},
  volume    = {abs/1802.07687},
  year      = {2018},
  url       = {http://arxiv.org/abs/1802.07687},
  eprinttype = {arXiv},
  eprint    = {1802.07687},
  timestamp = {Mon, 13 Aug 2018 16:49:09 +0200},
  biburl    = {https://dblp.org/rec/journals/corr/abs-1802-07687.bib},
  bibsource = {dblp computer science bibliography, https://dblp.org}
}

@article{DBLP:journals/corr/abs-1804-01523,
  author    = {Alex X. Lee and
               Richard Zhang and
               Frederik Ebert and
               Pieter Abbeel and
               Chelsea Finn and
               Sergey Levine},
  title     = {Stochastic Adversarial Video Prediction},
  journal   = {CoRR},
  volume    = {abs/1804.01523},
  year      = {2018},
  url       = {http://arxiv.org/abs/1804.01523},
  eprinttype = {arXiv},
  eprint    = {1804.01523},
  timestamp = {Mon, 13 Aug 2018 16:46:53 +0200},
  biburl    = {https://dblp.org/rec/journals/corr/abs-1804-01523.bib},
  bibsource = {dblp computer science bibliography, https://dblp.org}
}

@article{DBLP:journals/corr/WalkerDGH16,
  author    = {Jacob Walker and
               Carl Doersch and
               Abhinav Gupta and
               Martial Hebert},
  title     = {An Uncertain Future: Forecasting from Static Images using Variational
               Autoencoders},
  journal   = {CoRR},
  volume    = {abs/1606.07873},
  year      = {2016},
  url       = {http://arxiv.org/abs/1606.07873},
  eprinttype = {arXiv},
  eprint    = {1606.07873},
  timestamp = {Fri, 05 Apr 2019 07:29:46 +0200},
  biburl    = {https://dblp.org/rec/journals/corr/WalkerDGH16.bib},
  bibsource = {dblp computer science bibliography, https://dblp.org}
}

@article{DBLP:journals/corr/XueWBF16,
  author    = {Tianfan Xue and
               Jiajun Wu and
               Katherine L. Bouman and
               William T. Freeman},
  title     = {Visual Dynamics: Probabilistic Future Frame Synthesis via Cross Convolutional
               Networks},
  journal   = {CoRR},
  volume    = {abs/1607.02586},
  year      = {2016},
  url       = {http://arxiv.org/abs/1607.02586},
  eprinttype = {arXiv},
  eprint    = {1607.02586},
  timestamp = {Mon, 13 Aug 2018 16:49:15 +0200},
  biburl    = {https://dblp.org/rec/journals/corr/XueWBF16.bib},
  bibsource = {dblp computer science bibliography, https://dblp.org}
}


% deterministic models
@article{DBLP:journals/corr/VondrickPT15,
  author    = {Carl Vondrick and
               Hamed Pirsiavash and
               Antonio Torralba},
  title     = {Anticipating the future by watching unlabeled video},
  journal   = {CoRR},
  volume    = {abs/1504.08023},
  year      = {2015},
  url       = {http://arxiv.org/abs/1504.08023},
  eprinttype = {arXiv},
  eprint    = {1504.08023},
  timestamp = {Mon, 13 Aug 2018 16:48:46 +0200},
  biburl    = {https://dblp.org/rec/journals/corr/VondrickPT15.bib},
  bibsource = {dblp computer science bibliography, https://dblp.org}
}

@article{DBLP:journals/corr/LotterKC16,
  author    = {William Lotter and
               Gabriel Kreiman and
               David D. Cox},
  title     = {Deep Predictive Coding Networks for Video Prediction and Unsupervised
               Learning},
  journal   = {CoRR},
  volume    = {abs/1605.08104},
  year      = {2016},
  url       = {http://arxiv.org/abs/1605.08104},
  eprinttype = {arXiv},
  eprint    = {1605.08104},
  timestamp = {Mon, 13 Aug 2018 16:48:56 +0200},
  biburl    = {https://dblp.org/rec/journals/corr/LotterKC16.bib},
  bibsource = {dblp computer science bibliography, https://dblp.org}
}

@article{DBLP:journals/corr/NeverovaLCVL17,
  author    = {Natalia Neverova and
               Pauline Luc and
               Camille Couprie and
               Jakob Verbeek and
               Yann LeCun},
  title     = {Predicting Deeper into the Future of Semantic Segmentation},
  journal   = {CoRR},
  volume    = {abs/1703.07684},
  year      = {2017},
  url       = {http://arxiv.org/abs/1703.07684},
  eprinttype = {arXiv},
  eprint    = {1703.07684},
  timestamp = {Tue, 26 Apr 2022 17:22:55 +0200},
  biburl    = {https://dblp.org/rec/journals/corr/NeverovaLCVL17.bib},
  bibsource = {dblp computer science bibliography, https://dblp.org}
}

@article{DBLP:journals/corr/abs-2104-09498,
  author    = {Daniel Geng and
               Andrew Owens},
  title     = {Comparing Correspondences: Video Prediction with Correspondence-wise
               Losses},
  journal   = {CoRR},
  volume    = {abs/2104.09498},
  year      = {2021},
  url       = {https://arxiv.org/abs/2104.09498},
  eprinttype = {arXiv},
  eprint    = {2104.09498},
  timestamp = {Mon, 26 Apr 2021 17:25:10 +0200},
  biburl    = {https://dblp.org/rec/journals/corr/abs-2104-09498.bib},
  bibsource = {dblp computer science bibliography, https://dblp.org}
}

@inproceedings{DBLP:conf/nips/KrizhevskySH12,
  author    = {Alex Krizhevsky and
               Ilya Sutskever and
               Geoffrey E. Hinton},
  editor    = {Peter L. Bartlett and
               Fernando C. N. Pereira and
               Christopher J. C. Burges and
               L{\'{e}}on Bottou and
               Kilian Q. Weinberger},
  title     = {ImageNet Classification with Deep Convolutional Neural Networks},
  booktitle = {Advances in Neural Information Processing Systems 25: 26th Annual
               Conference on Neural Information Processing Systems 2012. Proceedings
               of a meeting held December 3-6, 2012, Lake Tahoe, Nevada, United States},
  pages     = {1106--1114},
  year      = {2012},
  url       = {https://proceedings.neurips.cc/paper/2012/hash/c399862d3b9d6b76c8436e924a68c45b-Abstract.html},
  timestamp = {Mon, 16 May 2022 15:41:51 +0200},
  biburl    = {https://dblp.org/rec/conf/nips/KrizhevskySH12.bib},
  bibsource = {dblp computer science bibliography, https://dblp.org}
}

@inproceedings{DBLP:conf/cvpr/VondrickPT16,
  author    = {Carl Vondrick and
               Hamed Pirsiavash and
               Antonio Torralba},
  title     = {Anticipating Visual Representations from Unlabeled Video},
  booktitle = {2016 {IEEE} Conference on Computer Vision and Pattern Recognition,
               {CVPR} 2016, Las Vegas, NV, USA, June 27-30, 2016},
  pages     = {98--106},
  publisher = {{IEEE} Computer Society},
  year      = {2016},
  url       = {https://doi.org/10.1109/CVPR.2016.18},
  doi       = {10.1109/CVPR.2016.18},
  timestamp = {Wed, 16 Oct 2019 14:14:50 +0200},
  biburl    = {https://dblp.org/rec/conf/cvpr/VondrickPT16.bib},
  bibsource = {dblp computer science bibliography, https://dblp.org}
}

% optical flow
@article{DBLP:journals/corr/ZhouTSME16,
  author    = {Tinghui Zhou and
               Shubham Tulsiani and
               Weilun Sun and
               Jitendra Malik and
               Alexei A. Efros},
  title     = {View Synthesis by Appearance Flow},
  journal   = {CoRR},
  volume    = {abs/1605.03557},
  year      = {2016},
  url       = {http://arxiv.org/abs/1605.03557},
  eprinttype = {arXiv},
  eprint    = {1605.03557},
  timestamp = {Mon, 13 Aug 2018 16:48:50 +0200},
  biburl    = {https://dblp.org/rec/journals/corr/ZhouTSME16.bib},
  bibsource = {dblp computer science bibliography, https://dblp.org}
}

@article{DBLP:journals/corr/WalkerGH15,
  author    = {Jacob Walker and
               Abhinav Gupta and
               Martial Hebert},
  title     = {Dense Optical Flow Prediction from a Static Image},
  journal   = {CoRR},
  volume    = {abs/1505.00295},
  year      = {2015},
  url       = {http://arxiv.org/abs/1505.00295},
  eprinttype = {arXiv},
  eprint    = {1505.00295},
  timestamp = {Fri, 05 Apr 2019 07:29:46 +0200},
  biburl    = {https://dblp.org/rec/journals/corr/WalkerGH15.bib},
  bibsource = {dblp computer science bibliography, https://dblp.org}
}

% semantic segmentation models
@article{DBLP:journals/corr/abs-1803-11496,
  author    = {Pauline Luc and
               Camille Couprie and
               Yann LeCun and
               Jakob Verbeek},
  title     = {Predicting Future Instance Segmentations by Forecasting Convolutional
               Features},
  journal   = {CoRR},
  volume    = {abs/1803.11496},
  year      = {2018},
  url       = {http://arxiv.org/abs/1803.11496},
  eprinttype = {arXiv},
  eprint    = {1803.11496},
  timestamp = {Mon, 13 Aug 2018 16:46:18 +0200},
  biburl    = {https://dblp.org/rec/journals/corr/abs-1803-11496.bib},
  bibsource = {dblp computer science bibliography, https://dblp.org}
}

@inproceedings{DBLP:conf/bmvc/NabaviRW18,
  author    = {Seyed Shahabeddin Nabavi and
               Mrigank Rochan and
               Yang Wang},
  title     = {Future Semantic Segmentation with Convolutional {LSTM}},
  booktitle = {British Machine Vision Conference 2018, {BMVC} 2018, Newcastle, UK,
               September 3-6, 2018},
  pages     = {137},
  publisher = {{BMVA} Press},
  year      = {2018},
  url       = {http://bmvc2018.org/contents/papers/0559.pdf},
  timestamp = {Tue, 21 Apr 2020 23:17:57 +0200},
  biburl    = {https://dblp.org/rec/conf/bmvc/NabaviRW18.bib},
  bibsource = {dblp computer science bibliography, https://dblp.org}
}

@article{DBLP:journals/pami/FarabetCNL13,
  author    = {Cl{\'{e}}ment Farabet and
               Camille Couprie and
               Laurent Najman and
               Yann LeCun},
  title     = {Learning Hierarchical Features for Scene Labeling},
  journal   = {{IEEE} Trans. Pattern Anal. Mach. Intell.},
  volume    = {35},
  number    = {8},
  pages     = {1915--1929},
  year      = {2013},
  url       = {https://doi.org/10.1109/TPAMI.2012.231},
  doi       = {10.1109/TPAMI.2012.231},
  timestamp = {Wed, 14 Nov 2018 10:51:18 +0100},
  biburl    = {https://dblp.org/rec/journals/pami/FarabetCNL13.bib},
  bibsource = {dblp computer science bibliography, https://dblp.org}
}

@inproceedings{DBLP:conf/cvpr/LongSD15,
  author    = {Jonathan Long and
               Evan Shelhamer and
               Trevor Darrell},
  title     = {Fully convolutional networks for semantic segmentation},
  booktitle = {{IEEE} Conference on Computer Vision and Pattern Recognition, {CVPR}
               2015, Boston, MA, USA, June 7-12, 2015},
  pages     = {3431--3440},
  publisher = {{IEEE} Computer Society},
  year      = {2015},
  url       = {https://doi.org/10.1109/CVPR.2015.7298965},
  doi       = {10.1109/CVPR.2015.7298965},
  timestamp = {Wed, 16 Oct 2019 14:14:50 +0200},
  biburl    = {https://dblp.org/rec/conf/cvpr/LongSD15.bib},
  bibsource = {dblp computer science bibliography, https://dblp.org}
}

@article{DBLP:journals/pami/ShelhamerLD17,
  author    = {Evan Shelhamer and
               Jonathan Long and
               Trevor Darrell},
  title     = {Fully Convolutional Networks for Semantic Segmentation},
  journal   = {{IEEE} Trans. Pattern Anal. Mach. Intell.},
  volume    = {39},
  number    = {4},
  pages     = {640--651},
  year      = {2017},
  url       = {https://doi.org/10.1109/TPAMI.2016.2572683},
  doi       = {10.1109/TPAMI.2016.2572683},
  timestamp = {Wed, 14 Nov 2018 10:51:21 +0100},
  biburl    = {https://dblp.org/rec/journals/pami/ShelhamerLD17.bib},
  bibsource = {dblp computer science bibliography, https://dblp.org}
}

% CNNs
@article{Lecun98,
  author={Lecun, Y. and Bottou, L. and Bengio, Y. and Haffner, P.},
  journal={Proceedings of the IEEE}, 
  title={Gradient-based learning applied to document recognition}, 
  year={1998},
  volume={86},
  number={11},
  pages={2278-2324},
  doi={10.1109/5.726791}}

@inproceedings{Jain07,
  author={Jain, Viren and Murray, Joseph F. and Roth, Fabian and Turaga, Srinivas and Zhigulin, Valentin and Briggman, Kevin L. and Helmstaedter, Moritz N. and Denk, Winfried and Seung, H. Sebastian},
  booktitle={2007 IEEE 11th International Conference on Computer Vision}, 
  title={Supervised Learning of Image Restoration with Convolutional Networks}, 
  year={2007},
  volume={},
  number={},
  pages={1-8},
  doi={10.1109/ICCV.2007.4408909}}

@article{DBLP:journals/corr/RonnebergerFB15,
  author    = {Olaf Ronneberger and
               Philipp Fischer and
               Thomas Brox},
  title     = {U-Net: Convolutional Networks for Biomedical Image Segmentation},
  journal   = {CoRR},
  volume    = {abs/1505.04597},
  year      = {2015},
  url       = {http://arxiv.org/abs/1505.04597},
  eprinttype = {arXiv},
  eprint    = {1505.04597},
  timestamp = {Mon, 13 Aug 2018 16:46:52 +0200},
  biburl    = {https://dblp.org/rec/journals/corr/RonnebergerFB15.bib},
  bibsource = {dblp computer science bibliography, https://dblp.org}
}

@article{DBLP:journals/corr/DentonCSF15,
  author    = {Emily L. Denton and
               Soumith Chintala and
               Arthur Szlam and
               Robert Fergus},
  title     = {Deep Generative Image Models using a Laplacian Pyramid of Adversarial
               Networks},
  journal   = {CoRR},
  volume    = {abs/1506.05751},
  year      = {2015},
  url       = {http://arxiv.org/abs/1506.05751},
  eprinttype = {arXiv},
  eprint    = {1506.05751},
  timestamp = {Mon, 13 Aug 2018 16:47:34 +0200},
  biburl    = {https://dblp.org/rec/journals/corr/DentonCSF15.bib},
  bibsource = {dblp computer science bibliography, https://dblp.org}
}

@article{DBLP:journals/corr/abs-1904-10666,
  author    = {Hsu{-}Kuang Chiu and
               Ehsan Adeli and
               Juan Carlos Niebles},
  title     = {Segmenting the Future},
  journal   = {CoRR},
  volume    = {abs/1904.10666},
  year      = {2019},
  url       = {http://arxiv.org/abs/1904.10666},
  eprinttype = {arXiv},
  eprint    = {1904.10666},
  timestamp = {Mon, 12 Apr 2021 14:40:34 +0200},
  biburl    = {https://dblp.org/rec/journals/corr/abs-1904-10666.bib},
  bibsource = {dblp computer science bibliography, https://dblp.org}
}

@article{Mathieu15,
author = {Mathieu, Michael and Couprie, Camille and Lecun, Yann},
year = {2015},
month = {11},
pages = {},
title = {Deep multi-scale video prediction beyond mean square error}
}

@article{DBLP:journals/corr/abs-1810-01325,
  author    = {Sandra Aigner and
               Marco K{\"{o}}rner},
  title     = {FutureGAN: Anticipating the Future Frames of Video Sequences using
               Spatio-Temporal 3d Convolutions in Progressively Growing Autoencoder
               GANs},
  journal   = {CoRR},
  volume    = {abs/1810.01325},
  year      = {2018},
  url       = {http://arxiv.org/abs/1810.01325},
  eprinttype = {arXiv},
  eprint    = {1810.01325},
  timestamp = {Fri, 02 Nov 2018 11:28:45 +0100},
  biburl    = {https://dblp.org/rec/journals/corr/abs-1810-01325.bib},
  bibsource = {dblp computer science bibliography, https://dblp.org}
}

@article{DBLP:journals/corr/VondrickPT16,
  author    = {Carl Vondrick and
               Hamed Pirsiavash and
               Antonio Torralba},
  title     = {Generating Videos with Scene Dynamics},
  journal   = {CoRR},
  volume    = {abs/1609.02612},
  year      = {2016},
  url       = {http://arxiv.org/abs/1609.02612},
  eprinttype = {arXiv},
  eprint    = {1609.02612},
  timestamp = {Mon, 13 Aug 2018 16:46:01 +0200},
  biburl    = {https://dblp.org/rec/journals/corr/VondrickPT16.bib},
  bibsource = {dblp computer science bibliography, https://dblp.org}
}

% rNNs
@article{DBLP:journals/corr/abs-1809-08318,
  author    = {Adam M. Terwilliger and
               Garrick Brazil and
               Xiaoming Liu},
  title     = {Recurrent Flow-Guided Semantic Forecasting},
  journal   = {CoRR},
  volume    = {abs/1809.08318},
  year      = {2018},
  url       = {http://arxiv.org/abs/1809.08318},
  eprinttype = {arXiv},
  eprint    = {1809.08318},
  timestamp = {Sat, 29 Dec 2018 17:10:13 +0100},
  biburl    = {https://dblp.org/rec/journals/corr/abs-1809-08318.bib},
  bibsource = {dblp computer science bibliography, https://dblp.org}
}

@inproceedings{DBLP:conf/nips/ShiCWYWW15,
  author    = {Xingjian Shi and
               Zhourong Chen and
               Hao Wang and
               Dit{-}Yan Yeung and
               Wai{-}Kin Wong and
               Wang{-}chun Woo},
  editor    = {Corinna Cortes and
               Neil D. Lawrence and
               Daniel D. Lee and
               Masashi Sugiyama and
               Roman Garnett},
  title     = {Convolutional {LSTM} Network: {A} Machine Learning Approach for Precipitation
               Nowcasting},
  booktitle = {Advances in Neural Information Processing Systems 28: Annual Conference
               on Neural Information Processing Systems 2015, December 7-12, 2015,
               Montreal, Quebec, Canada},
  pages     = {802--810},
  year      = {2015},
  url       = {https://proceedings.neurips.cc/paper/2015/hash/07563a3fe3bbe7e3ba84431ad9d055af-Abstract.html},
  timestamp = {Mon, 16 May 2022 15:41:51 +0200},
  biburl    = {https://dblp.org/rec/conf/nips/ShiCWYWW15.bib},
  bibsource = {dblp computer science bibliography, https://dblp.org}
}

% feature tracking
@article{DBLP:journals/ijcv/Lowe04,
  author    = {David G. Lowe},
  title     = {Distinctive Image Features from Scale-Invariant Keypoints},
  journal   = {Int. J. Comput. Vis.},
  volume    = {60},
  number    = {2},
  pages     = {91--110},
  year      = {2004},
  url       = {https://doi.org/10.1023/B:VISI.0000029664.99615.94},
  doi       = {10.1023/B:VISI.0000029664.99615.94},
  timestamp = {Fri, 13 Mar 2020 10:59:31 +0100},
  biburl    = {https://dblp.org/rec/journals/ijcv/Lowe04.bib},
  bibsource = {dblp computer science bibliography, https://dblp.org}
}

@article{DBLP:journals/cacm/FischlerB81,
  author    = {Martin A. Fischler and
               Robert C. Bolles},
  title     = {Random Sample Consensus: {A} Paradigm for Model Fitting with Applications
               to Image Analysis and Automated Cartography},
  journal   = {Commun. {ACM}},
  volume    = {24},
  number    = {6},
  pages     = {381--395},
  year      = {1981},
  url       = {http://doi.acm.org/10.1145/358669.358692},
  doi       = {10.1145/358669.358692},
  timestamp = {Wed, 14 Nov 2018 10:22:31 +0100},
  biburl    = {https://dblp.org/rec/journals/cacm/FischlerB81.bib},
  bibsource = {dblp computer science bibliography, https://dblp.org}
}

% motion estimation
@article{DBLP:journals/ijcv/Thompson98,
  author    = {William B. Thompson},
  title     = {Exploiting Discontinuities in Optical Flow},
  journal   = {Int. J. Comput. Vis.},
  volume    = {30},
  number    = {3},
  pages     = {163--173},
  year      = {1998},
  url       = {https://doi.org/10.1023/A:1008026031844},
  doi       = {10.1023/A:1008026031844},
  timestamp = {Fri, 13 Mar 2020 10:59:15 +0100},
  biburl    = {https://dblp.org/rec/journals/ijcv/Thompson98.bib},
  bibsource = {dblp computer science bibliography, https://dblp.org}
}

@inproceedings{DBLP:conf/eccv/RedaLSKBTTC18,
  author    = {Fitsum A. Reda and
               Guilin Liu and
               Kevin J. Shih and
               Robert Kirby and
               Jon Barker and
               David Tarjan and
               Andrew Tao and
               Bryan Catanzaro},
  editor    = {Vittorio Ferrari and
               Martial Hebert and
               Cristian Sminchisescu and
               Yair Weiss},
  title     = {SDC-Net: Video Prediction Using Spatially-Displaced Convolution},
  booktitle = {Computer Vision - {ECCV} 2018 - 15th European Conference, Munich,
               Germany, September 8-14, 2018, Proceedings, Part {VII}},
  series    = {Lecture Notes in Computer Science},
  volume    = {11211},
  pages     = {747--763},
  publisher = {Springer},
  year      = {2018},
  url       = {https://doi.org/10.1007/978-3-030-01234-2\_44},
  doi       = {10.1007/978-3-030-01234-2\_44},
  timestamp = {Tue, 14 May 2019 10:00:45 +0200},
  biburl    = {https://dblp.org/rec/conf/eccv/RedaLSKBTTC18.bib},
  bibsource = {dblp computer science bibliography, https://dblp.org}
}

@article{DBLP:journals/corr/PatrauceanHC15,
  author    = {Viorica Patraucean and
               Ankur Handa and
               Roberto Cipolla},
  title     = {Spatio-temporal video autoencoder with differentiable memory},
  journal   = {CoRR},
  volume    = {abs/1511.06309},
  year      = {2015},
  url       = {http://arxiv.org/abs/1511.06309},
  eprinttype = {arXiv},
  eprint    = {1511.06309},
  timestamp = {Mon, 13 Aug 2018 16:47:42 +0200},
  biburl    = {https://dblp.org/rec/journals/corr/PatrauceanHC15.bib},
  bibsource = {dblp computer science bibliography, https://dblp.org}
}

@article{DBLP:journals/corr/abs-1906-07889,
  author    = {Matthias Minderer and
               Chen Sun and
               Ruben Villegas and
               Forrester Cole and
               Kevin Murphy and
               Honglak Lee},
  title     = {Unsupervised Learning of Object Structure and Dynamics from Videos},
  journal   = {CoRR},
  volume    = {abs/1906.07889},
  year      = {2019},
  url       = {http://arxiv.org/abs/1906.07889},
  eprinttype = {arXiv},
  eprint    = {1906.07889},
  timestamp = {Thu, 12 Nov 2020 10:20:10 +0100},
  biburl    = {https://dblp.org/rec/journals/corr/abs-1906-07889.bib},
  bibsource = {dblp computer science bibliography, https://dblp.org}
}

@article{DBLP:journals/corr/abs-2003-12039,
  author    = {Zachary Teed and
               Jia Deng},
  title     = {{RAFT:} Recurrent All-Pairs Field Transforms for Optical Flow},
  journal   = {CoRR},
  volume    = {abs/2003.12039},
  year      = {2020},
  url       = {https://arxiv.org/abs/2003.12039},
  eprinttype = {arXiv},
  eprint    = {2003.12039},
  timestamp = {Mon, 01 Feb 2021 18:33:24 +0100},
  biburl    = {https://dblp.org/rec/journals/corr/abs-2003-12039.bib},
  bibsource = {dblp computer science bibliography, https://dblp.org}
}

@article{DBLP:journals/corr/abs-1709-02371,
  author    = {Deqing Sun and
               Xiaodong Yang and
               Ming{-}Yu Liu and
               Jan Kautz},
  title     = {PWC-Net: CNNs for Optical Flow Using Pyramid, Warping, and Cost Volume},
  journal   = {CoRR},
  volume    = {abs/1709.02371},
  year      = {2017},
  url       = {http://arxiv.org/abs/1709.02371},
  eprinttype = {arXiv},
  eprint    = {1709.02371},
  timestamp = {Fri, 20 Nov 2020 15:44:13 +0100},
  biburl    = {https://dblp.org/rec/journals/corr/abs-1709-02371.bib},
  bibsource = {dblp computer science bibliography, https://dblp.org}
}

@article{DBLP:journals/pami/BroxM11,
  author    = {Thomas Brox and
               Jitendra Malik},
  title     = {Large Displacement Optical Flow: Descriptor Matching in Variational
               Motion Estimation},
  journal   = {{IEEE} Trans. Pattern Anal. Mach. Intell.},
  volume    = {33},
  number    = {3},
  pages     = {500--513},
  year      = {2011},
  url       = {https://doi.org/10.1109/TPAMI.2010.143},
  doi       = {10.1109/TPAMI.2010.143},
  timestamp = {Wed, 14 Nov 2018 10:51:28 +0100},
  biburl    = {https://dblp.org/rec/journals/pami/BroxM11.bib},
  bibsource = {dblp computer science bibliography, https://dblp.org}
}


@inproceedings{DBLP:conf/cvpr/IlgMSKDB17,
  author    = {Eddy Ilg and
               Nikolaus Mayer and
               Tonmoy Saikia and
               Margret Keuper and
               Alexey Dosovitskiy and
               Thomas Brox},
  title     = {FlowNet 2.0: Evolution of Optical Flow Estimation with Deep Networks},
  booktitle = {2017 {IEEE} Conference on Computer Vision and Pattern Recognition,
               {CVPR} 2017, Honolulu, HI, USA, July 21-26, 2017},
  pages     = {1647--1655},
  publisher = {{IEEE} Computer Society},
  year      = {2017},
  url       = {https://doi.org/10.1109/CVPR.2017.179},
  doi       = {10.1109/CVPR.2017.179},
  timestamp = {Sat, 19 Oct 2019 20:24:05 +0200},
  biburl    = {https://dblp.org/rec/conf/cvpr/IlgMSKDB17.bib},
  bibsource = {dblp computer science bibliography, https://dblp.org}
}

@inproceedings{DBLP:conf/eccv/SundaramBK10,
  author    = {Narayanan Sundaram and
               Thomas Brox and
               Kurt Keutzer},
  editor    = {Kostas Daniilidis and
               Petros Maragos and
               Nikos Paragios},
  title     = {Dense Point Trajectories by GPU-Accelerated Large Displacement Optical
               Flow},
  booktitle = {Computer Vision - {ECCV} 2010, 11th European Conference on Computer
               Vision, Heraklion, Crete, Greece, September 5-11, 2010, Proceedings,
               Part {I}},
  series    = {Lecture Notes in Computer Science},
  volume    = {6311},
  pages     = {438--451},
  publisher = {Springer},
  year      = {2010},
  url       = {https://doi.org/10.1007/978-3-642-15549-9\_32},
  doi       = {10.1007/978-3-642-15549-9\_32},
  timestamp = {Tue, 14 May 2019 10:00:45 +0200},
  biburl    = {https://dblp.org/rec/conf/eccv/SundaramBK10.bib},
  bibsource = {dblp computer science bibliography, https://dblp.org}
}

@inproceedings{SandTeller06,
author = {Sand, Peter and Teller, Seth},
year = {2006},
month = {02},
pages = {2195 - 2202},
title = {Particle Video: Long-Range Motion Estimation using Point Trajectories},
volume = {2},
isbn = {0-7695-2597-0},
journal = {Proceedings / CVPR, IEEE Computer Society Conference on Computer Vision and Pattern Recognition. IEEE Computer Society Conference on Computer Vision and Pattern Recognition},
doi = {10.1109/CVPR.2006.219}
}

@inproceedings{DINO21,
  author    = {Mathilde Caron and
               Hugo Touvron and
               Ishan Misra and
               Herv{\'{e}} J{\'{e}}gou and
               Julien Mairal and
               Piotr Bojanowski and
               Armand Joulin},
  title     = {Emerging Properties in Self-Supervised Vision Transformers},
  booktitle = {2021 {IEEE/CVF} International Conference on Computer Vision, {ICCV}
               2021, Montreal, QC, Canada, October 10-17, 2021},
  pages     = {9630--9640},
  publisher = {{IEEE}},
  year      = {2021},
  url       = {https://doi.org/10.1109/ICCV48922.2021.00951},
  doi       = {10.1109/ICCV48922.2021.00951},
  timestamp = {Fri, 11 Mar 2022 10:01:59 +0100},
  biburl    = {https://dblp.org/rec/conf/iccv/CaronTMJMBJ21.bib},
  bibsource = {dblp computer science bibliography, https://dblp.org}
}

@article{DBLP:journals/corr/abs-1810-10066,
  author    = {Zhile Ren and
               Orazio Gallo and
               Deqing Sun and
               Ming{-}Hsuan Yang and
               Erik B. Sudderth and
               Jan Kautz},
  title     = {A Fusion Approach for Multi-Frame Optical Flow Estimation},
  journal   = {CoRR},
  volume    = {abs/1810.10066},
  year      = {2018},
  url       = {http://arxiv.org/abs/1810.10066},
  eprinttype = {arXiv},
  eprint    = {1810.10066},
  timestamp = {Wed, 31 Oct 2018 14:24:29 +0100},
  biburl    = {https://dblp.org/rec/journals/corr/abs-1810-10066.bib},
  bibsource = {dblp computer science bibliography, https://dblp.org}
}
